@inproceedings{faldu2019closer,
  title={A closer look at lightweight graph reordering},
  author={Faldu, Priyank and Diamond, Jeff and Grot, Boris},
  booktitle={2019 IEEE International Symposium on Workload Characterization (IISWC)},
  pages={1--13},
  year={2019},
  organization={IEEE}
}
@inproceedings{shun2013ligra,
  title={Ligra: a lightweight graph processing framework for shared memory},
  author={Shun, Julian and Blelloch, Guy E},
  booktitle={Proceedings of the 18th ACM SIGPLAN symposium on Principles and practice of parallel programming},
  pages={135--146},
  year={2013}
}
@inproceedings{wang2017fora,
  title={FORA: simple and effective approximate single-source personalized pagerank},
  author={Wang, Sibo and Yang, Renchi and Xiao, Xiaokui and Wei, Zhewei and Yang, Yin},
  booktitle={Proceedings of the 23rd ACM SIGKDD International Conference on Knowledge Discovery and Data Mining},
  pages={505--514},
  year={2017}
}